<?xml version="1.0" encoding="UTF-8"?><collection xmlns="http://www.loc.gov/MARC21/slim"><record><leader>00523nam--2200169-i-4500</leader><controlfield tag="001">000039226</controlfield><controlfield tag="002">20161230</controlfield><controlfield tag="005">20161230201042</controlfield><controlfield tag="008">060222s1000------------r-----000-0-eng-d</controlfield><datafield ind1=" " ind2=" " tag="040"><subfield code="a">IFIN-HH</subfield></datafield><datafield ind1=" " ind2=" " tag="080"><subfield code="a">539.23</subfield></datafield><datafield ind1="1" ind2=" " tag="100"><subfield code="a">Robinson, Charles Howard</subfield></datafield><datafield ind1="1" ind2="0" tag="245"><subfield code="a">Transmission sputtering of thin films by low energy hydrogen ions</subfield><subfield code="b">Dissertation</subfield><subfield code="c">Charles howard robinson</subfield></datafield><datafield ind1=" " ind2=" " tag="260"><subfield code="a">Ann Arbor, Michigan</subfield><subfield code="b">University Microfilms, Inc</subfield><subfield code="c">1966</subfield></datafield><datafield ind1=" " ind2=" " tag="300"><subfield code="a">III + 102P</subfield></datafield><datafield ind1=" " ind2=" " tag="852"><subfield code="a">29226</subfield><subfield code="c">539.23</subfield></datafield><datafield ind1=" " ind2=" " tag="CAT"><subfield code="a">Sys</subfield><subfield code="c">20121214</subfield><subfield code="h">135059</subfield></datafield></record></collection>